
@ARTICLE {OLIVEIRA,
    author = "Michelle Umbelino Miranda Oliveira",
    title  = "\textit{Domótica: a casa do futuro já presente}",
    year   = "2016",
    journal = "Revista Especialize On-line IPOG - Goiânia - Vol.01/2016",
    edition = "12",
    }


@ARTICLE {DOVICCHI,
    author = "João Dovicchi",
    title  = "\textit{O uso do Raspberry Pi em laboratórios de aulas práticas: uma Contribuição ao Ensino de Ciências da Computação}",
    year   = "2015",
    journal = "INE/UFSC"
    }
    
    
@ARTICLE {FAKIH,
    author = "J. Walter and M. Fakih and K. Grüttner",
    title  = "\textit{Hardware-based real-time simulation on the raspberry pi}",
    year   = "2014",
    journal = "2nd. Workshop on High-performance and Real-time Embedded Systems. Vienna, Austria",
    }
    
    
       
@ARTICLE {ZUCCHI,
    author = "Wagner Luiz Zucchi and Anderson Barreto Amâncio",
    title  = "\textit{Construindo um Data Center}",
    year   = "2013",
    journal = "Revista USP n.97, pp. 43-58.",
    }
    
    
@ARTICLE {Tonidandel,
    author = "Julio André Sgarbi and Flavio Tonidandel",
    title  = "\textit{Domótica Inteligente: Automação Residencial baseada em Comportamento}",
    year = "2007"
    }


@ARTICLE {Takiuchi,
    author = "F. Tonidandel and M. Takiuchi and E. Melo",
    title  = "\textit{Domótica Inteligente: Automação baseada em comportamento}",
    year   = "2004",
    journal = "Congresso Brasileiro de Automática",
    }


@ARTICLE {BUNEMER,
    author = "Ricardo Bunemer",
    title  = "\textit{Domótica Assistiva Utilizando Sistemas Integrados de Supervisão e Controle}",
    year   = "2014",
    journal = "http://repositorio.unicamp.br/bitstream/REPOSIP/265887/1/Bunemer_Ricardo_M.pdf"
    }
    

    
    
@BOOK {ALMEIDA,
    author = "Paulo Samuel Almeida",
    title  = "\textit{Indústria 4.0: Princípios básicos, aplicações e implementações}",
    year   = "2019",
    publisher = "Érica",
    edition = "1"
    }

@BOOK {FERREIRA,
    author = "Aurélio Buarque de Holanda",
    title  = "\textit{Mini Aurélio: o dicionário da língua portuguesa}",
    year   = "2008",
    publisher = "Érica",
    edition = "7"
    }
    

@MISC {OASIS,
    author = "OASIS",
    title  = "\textit{MQTT Version}",
    year = 2015,
    note    = "Disponível em \url{http://docs.oasis-open.org/mqtt/mqtt/v3.1.1/mqtt-v3.1.1.html}. Acessado em 20 Fev. 2021."
    }

@MISC {CloudMQTT,
    author = "CloudMQTT",
    title  = "\textit{Documentation CloudMQTT}",
    year = 2015,
    note = "Disponível em \url{https://www.cloudmqtt.com/docs/index.html}. Acessado em 10 Fev. 2021."
    }
    
@MISC {POZZEBOM,
    author = "Rafaela Pozzebom",
    title  = "\textit{O que são sistemas embarcados?}",
    year = 2014,
    note = "Disponível em \url{https://www.oficinadanet.com.br/post/13538-o-que-sao-sistemas-embarcados}. Acessado em 12 Fev. 2021."
    }
    
@MISC {IBM,
    author = "IBM",
    title  = "\textit{Conhecendo o MQTT}",
    year = 2017,
    note = "Disponível em \url{https://developer.ibm.com/br/technologies/iot/articles/iot-mqtt-why-good-for-iot/}. Acessado em 02 Mar. 2021."
    }
        
@MISC {MQTT,
    author = "MQTT",
    title  = "\textit{MQTT: The Standard for IoT Messaging}",
    year = 2020,
    note = "Disponível em \url{https://mqtt.org/}. Acessado em 02 Mar. 2021."
    }
    
    
 @MISC {SISLITE,
    author = "SISLITE",
    title  = "\textit{O que é a Domótica?}",
    year = 2020,
    note = "Disponível em \url{http://www.sislite.pt/domus.htm#:~:text=Dom\%C3\%B3tica\%20\%C3\%A9\%20uma\%20tecnologia\%20recente,realizar\%20a\%C3\%A7\%C3\%B5es\%20de\%20forma\%20autom\%C3\%A1tica.}. Acessado em 02 Mar. 2021."
    }
 
 @MISC {FLOP,
    author = "Filipe Flop",
    title  = "\textit{Raspberry Pi 3}",
    year = 2020,
    note = "Disponível em \url{https://www.filipeflop.com/produto/raspberry-pi-3-model-b/?utm_source=google&utm_medium=organic&utm_campaign=shopping&utm_content=surfaces_across_google&gclid=EAIaIQobChMI66Sj-IaS7wIVioiRCh0CXg-WEAQYBCABEgL07vD_BwE.}. Acessado em 02 Mar. 2021."
    }
    
 @MISC {PINOUT,
    author = "Pinout XYZ",
    title  = "\textit{Raspberry Pi Pinout}",
    year = 2019,
    note = "Disponível em \url{https://pinout.xyz/}. Acessado em 02 Mar. 2021."
    }
 
 
 @MISC {RASPBIAN,
    author = "Raspbian",
    title  = "\textit{Raspbian}",
    year = 2021,
    note = "Disponível em \url{https://www.raspbian.org/}. Acessado em 02 Mar. 2021."
    }


 @MISC {ROBOT,
    author = "Robot Store",
    title  = "\textit{Módulo relé Arduino 5V}",
    year = 2021,
    note = "Disponível em \url{https://www.robotstore.it/Modulo-rel\%C3\%A8-5V-DC-per-Arduino-e-Raspberry-Pi}. Acessado em 02 Mar. 2021."
    }
    
    
@MISC {ELETRONICA,
    author = "Bau da Eletronica",
    title  = "\textit{Sensor PIR com Arduino Uno}",
    year = 2019,
    note = "Disponível em \url{http://blog.baudaeletronica.com.br/sensor-pir-com-arduino-uno/arduino_pir_bb/}. Acessado em 02 Mar. 2021."
    }
    
@MISC {ELEMENT,
    author = "Element14",
    title  = "\textit{GPIO Header Raspberry Pi 3}",
    year = 2016,
    note = "Disponível em \url{https://www.element14.com/community/ servlet/JiveServlet/previewBody/73950-102-11-339300/pi3_gpio.jpg}. Acessado em 01 Mar. 2021."
    }


@MISC {PPLWARE,
    author = "PPLWARE",
    title  = "Redes: Conheça a Arquitetura TCP/IP",
    year = 2019,
    note = "Disponível em \url{https://pplware.sapo.pt/tutoriais/networking/redes-a-arquitetura-tcp-ip/}. Acessado em 02 Mar. 2021."
    }
    
    
@MISC {FEUP,
    author = "FEUP",
    title  = "O TCP/IP",
    year = 2021,
    note = "Disponível em \url{https://paginas.fe.up.pt/~mrs01003/TCP_IP.htm}. Acessado em 02 Mar. 2021."
    }
    

@MISC {ZEITTEC,
    author = "ZEITTEC",
    title  = "Climatização para \textit{Data Center}",
    year = 2019,
    note = "Disponível em \url{https://zeittec.com.br/climatizacao-para-data-center/#:~:text=A\%20temperatura\%20ideal\%20de\%20um,provocar\%20o\%20autodesligamento\%20de\%20m\%C3\%A1quinas.}. Acessado em 23 Mar. 2021."
    }
    
    